@article{browneMCTS,
  title={A Survey of Monte Carlo Tree Search Methods},
  author={Browne, Cameron},
  journal={IEEE Transactions on Computational Intelligence and AI in Games}
  year={2012}
}

@article{fujita,
  title={A reinforcement learning scheme for a multi-agent card game},
  author={Fujita, Hajime},
  journal={Systems, Man and Cybernetics}
  year={2003}
}

@article{koller,
	title= {Generating and Solving Imperfect Information Games}
	author=P{Koller, Daphne and Pfeffer, Avi}
	year={}
}

@article{sturtevant
	title={A Comparison of Algorithms for Multi-Player Games}
	author={Sturtevan, Nathan}
}

